<?xml version="1.0" encoding="UTF-8"?><collection xmlns="http://www.loc.gov/MARC21/slim"><record><leader>00523nam--2200193-u-4500</leader><controlfield tag="001">000055413</controlfield><controlfield tag="002">20161230</controlfield><controlfield tag="005">20161230201052</controlfield><controlfield tag="008">130201s1000------------r-----000-0-eng-d</controlfield><datafield ind1=" " ind2=" " tag="020"><subfield code="a">0582521009</subfield></datafield><datafield ind1=" " ind2=" " tag="040"><subfield code="a">IFIN-HH</subfield></datafield><datafield ind1=" " ind2=" " tag="080"><subfield code="a">800.2</subfield></datafield><datafield ind1="1" ind2=" " tag="100"><subfield code="a">Stannard Allen, W</subfield></datafield><datafield ind1="1" ind2="0" tag="245"><subfield code="a">Living english structure</subfield><subfield code="b">A practice book for foreign students</subfield><subfield code="c">W. stannard allen</subfield></datafield><datafield ind1=" " ind2=" " tag="250"><subfield code="a">New Impression</subfield></datafield><datafield ind1=" " ind2=" " tag="260"><subfield code="a">London</subfield><subfield code="b">Longman Group Limited</subfield><subfield code="c">1970</subfield></datafield><datafield ind1=" " ind2=" " tag="300"><subfield code="a">X+349P</subfield></datafield><datafield ind1=" " ind2=" " tag="852"><subfield code="a">34998</subfield><subfield code="c">4</subfield></datafield><datafield ind1=" " ind2=" " tag="CAT"><subfield code="a">Sys</subfield><subfield code="c">20130201</subfield><subfield code="h">144857</subfield></datafield></record></collection>